@article{anewpoliticalsystem,
    author =       "Maurice Duverger",
    title =        "A New Political System Model: Semi-presidential Government", 
    journal =      "European Journal of Political Research",
    year =         "2006"
}

@book{politicallife,
    author    = "David Easton",
    title     = "A Systems Analysis of Political Life",
    publisher = "Wiley",
    year      = "1965"
}

@article{crowdsourcing,
    author =       "Daren C. Brabham",
    title =        "Crowdsourcing the Public Participation Process for Planning Projects", 
    journal =      "Planning Theory",
    year =         "2009"
}

@book{gametheory,
    author    = "Kevin Leyton-Brown and Yoav Shoham",
    title     = "Essentials of Game Theory: A Concise, Multidisciplinary Introduction",
    publisher = "Morgan \& Claypool Publishers"
}

@book{decisiontheory,
    author    = "Herbert Gintis",
    title     = "The Bounds of Reason: Game Theory and the Unification of the Behavioral Sciences",
    publisher = "Princeton University Press"
}

@book{politicalterms,
    author    = "Paul M. Johnson",
    title     = "A Glossary of Political Economy Terms",
    publisher = "Auburn University"
}

@book{greeklexicon,
    author    = "Henry George Liddell and Robert Scott",
    title     = "A Greek-English Lexicon",
    publisher = "Perseus"
}

@online{lowinertia,
    author    = "Recode",
    title     = "Martian Democracy | Elon Musk, SpaceX | Code Conference 2016",
    url       = "https://www.youtube.com/watch?v=lBfi2AcGrTY&index=4&list=PLKof9YSAshgyPqlK-UUYrHfIQaOzFPSL4"
}
